@misc{medp,
  author    = {medizinphysik wiki},
  title     = {Röntgenröhre},
  howpublished = {\url{https://medizinphysik.wiki/roentgendiagnostik/roentgenroehre/}},
    note = {Zugriff: 11.8.2025}
}

@misc{chemie.de,
  author = {chemie.de},
  title = {Linienspektrum},
  howpublished = {\url{https://www.chemie.de/lexikon/Linienspektrum.html}},
  note = {Accessed: 2025-08-11}
}

@misc{studyfix,
  author = {studyfix},
  title = {Schalenmodell},
  howpublished = {\url{https://studyflix.de/chemie/schalenmodell-1877}},
  note = {Accessed: 2025-08-12}
}

@book{Physik,
    author = {Tipler},
    title = {Physik},
    publisher = {Springer},
    year = {2019},
    edition = {8th}
}

@misc{leifiphysik_B,
  author = {leifiphysik},
  title = {Bremsstrahlung},
  howpublished = {\url{https://www.leifiphysik.de/atomphysik/roentgen-strahlung/grundwissen/bremsstrahlung}},
  note = {Accessed: 2025-08-12}
}

@misc{leifiphysik_C,
  author = {leifiphysik},
  title = {Charakteristische Strahlung},
  howpublished = {\url{https://www.leifiphysik.de/atomphysik/roentgen-strahlung/grundwissen/charakteristische-strahlung}},
  note = {Accessed: 2025-08-12}
}

@misc{spektrum,
  author = {spektrum.de},
  title = {Duane-Huntsches Verschiebungsgesetz},
  howpublished = {\url{https://www.spektrum.de/lexikon/physik/duane-huntsches-verschiebungsgesetz/3478}},
  note = {Accessed: 2025-08-12}
}

@misc{chemie.de_2,
  author = {chemie.de},
  title = {Moseleysches Gesetz},
  howpublished = {\url{https://www.chemie.de/lexikon/Moseleysches_Gesetz.html}},
  note = {Accessed: 2025-08-12}
}

@misc{chemie.de_3,
  author = {chemie.de},
  title = {Spektrallinie},
  howpublished = {\url{https://www.chemie.de/lexikon/Spektrallinie.html}},
  note = {Accessed: 2025-08-12}
}

@misc{spektrum_2,
  author = {spektrum.de},
  title = {Röntgenstrahlung},
  howpublished = {\url{https://www.spektrum.de/lexikon/physik/roentgenstrahlung/12557}},
  note = {Accessed: 2025-08-12}
}