@misc{medizinphysik,
  title = {Röntgenröhre},
  howpublished = {\url{https://medizinphysik.wiki/roentgendiagnostik/roentgenroehre/}},
  note = {Accessed: 2025-05-15}
}

@misc{chemie.de,
  title = {Linienspektrum},
  howpublished = {\url{https://www.chemie.de/lexikon/Linienspektrum.html}},
  note = {Accessed: 2025-05-15}
}

@misc{studyfix,
  title = {Schalenmodell},
  howpublished = {\url{https://studyflix.de/chemie/schalenmodell-1877}},
  note = {Accessed: 2025-05-15}
}

@book{Physik,
    author = {Tipler},
    title = {Physik},
    publisher = {Springer},
    year = {2019}
}

@misc{leifiphysik_B,
  title = {Bremsstrahlung},
  howpublished = {\url{https://www.leifiphysik.de/atomphysik/roentgen-strahlung/grundwissen/bremsstrahlung}},
  note = {Accessed: 2025-05-20}
}

@misc{leifiphysik_C,
  title = {Charakteristische Strahlung},
  howpublished = {\url{https://www.leifiphysik.de/atomphysik/roentgen-strahlung/grundwissen/charakteristische-strahlung}},
  note = {Accessed: 2025-05-20}
}